<record><leader>00000cas a2200000 a 4500</leader><controlfield tag="001">10467562</controlfield><controlfield tag="008">840228d18561965vtuwr ne      0   a0eng d</controlfield><datafield ind1=" " ind2=" " tag="010"><subfield code="a">sn 84022549 </subfield></datafield><datafield ind1=" " ind2=" " tag="040"><subfield code="a">NPX</subfield><subfield code="b">eng</subfield><subfield code="c">NPX</subfield><subfield code="d">NPU</subfield><subfield code="d">DLC</subfield><subfield code="d">NVN</subfield><subfield code="d">OCL</subfield><subfield code="d">OCLCQ</subfield><subfield code="d">OCLCF</subfield><subfield code="d">OCLCO</subfield><subfield code="d">DLC</subfield></datafield><datafield ind1="0" ind2=" " tag="022"><subfield code="a">2475-2827</subfield><subfield code="2">1</subfield></datafield><datafield ind1=" " ind2=" " tag="042"><subfield code="a">msc</subfield></datafield><datafield ind1=" " ind2=" " tag="043"><subfield code="a">n-us-vt</subfield></datafield><datafield ind1="0" ind2="0" tag="050"><subfield code="a">Newspaper</subfield></datafield><datafield ind1="1" ind2="0" tag="082"><subfield code="a">071</subfield><subfield code="2">23</subfield></datafield><datafield ind1=" " ind2="0" tag="222"><subfield code="a">Bellows Falls times</subfield><subfield code="b">(Print)</subfield></datafield><datafield ind1="0" ind2="0" tag="245"><subfield code="a">Bellows Falls times.</subfield></datafield><datafield ind1=" " ind2=" " tag="260"><subfield code="a">Bellows Falls, Vt. :</subfield><subfield code="b">A.N. Swain,</subfield><subfield code="c">1856-1965.</subfield></datafield><datafield ind1=" " ind2=" " tag="300"><subfield code="a">v. :</subfield><subfield code="b">ill. (chiefly advertisements) ;</subfield><subfield code="c">60-77 cm.</subfield></datafield><datafield ind1=" " ind2=" " tag="310"><subfield code="a">Weekly</subfield></datafield><datafield ind1="0" ind2=" " tag="362"><subfield code="a">Vol. 1, no. 1 (Aug. 6, 1856)-v. 109, no. 40 (Oct. 7, 1965).</subfield></datafield><datafield ind1=" " ind2=" " tag="500"><subfield code="a">Publisher's name recorded in Childs, H. Gazetteer ... of Windham Co., Vt.</subfield></datafield><datafield ind1=" " ind2=" " tag="500"><subfield code="a">"Republican". Cf. Rowell, 1869-1877.</subfield></datafield><datafield ind1=" " ind2=" " tag="500"><subfield code="a">Editor: A.N. Swain, 1856-</subfield></datafield><datafield ind1=" " ind2=" " tag="530"><subfield code="a">Also issued on microfilm from Graphic Microfilm of New England, and from the Vermont Public Records Library.</subfield></datafield><datafield ind1=" " ind2=" " tag="530"><subfield code="a">Archived issues are available in digital format from the Library of Congress Chronicling America online collection.</subfield></datafield><datafield ind1=" " ind2=" " tag="580"><subfield code="a">Merged with: Vermont journal (Windsor, Vt. : 1844), and: Vermont tribune (Ludlow, Vt.), and: Springfield reporter (Springfield, Vt. : 1878) to form: Connecticut Valley times-reporter.</subfield></datafield><datafield ind1=" " ind2="0" tag="651"><subfield code="a">Bellows Falls (Vt.)</subfield><subfield code="v">Newspapers.</subfield></datafield><datafield ind1=" " ind2="7" tag="651"><subfield code="a">Vermont</subfield><subfield code="z">Bellows Falls.</subfield><subfield code="2">fast</subfield><subfield code="0">(OCoLC)fst01222430</subfield></datafield><datafield ind1=" " ind2="7" tag="655"><subfield code="a">Newspapers.</subfield><subfield code="2">fast</subfield><subfield code="0">(OCoLC)fst01423814</subfield></datafield><datafield ind1="1" ind2=" " tag="700"><subfield code="a">Swain, A. N.</subfield></datafield><datafield ind1=" " ind2=" " tag="752"><subfield code="a">United States</subfield><subfield code="b">Vermont</subfield><subfield code="c">Windham</subfield><subfield code="d">Bellows Falls.</subfield></datafield><datafield ind1="0" ind2="8" tag="776"><subfield code="i">Online version:</subfield><subfield code="t">Bellows Falls times</subfield><subfield code="x">2475-2835</subfield><subfield code="w">(DLC)  2016271252</subfield><subfield code="w">(OCoLC)965445176</subfield></datafield><datafield ind1="1" ind2="7" tag="785"><subfield code="t">Vermont tribune (Ludlow, Vt.)</subfield><subfield code="w">(OCoLC)16881927</subfield></datafield><datafield ind1="1" ind2="7" tag="785"><subfield code="t">Springfield reporter (Springfield, Vt. : 1878)</subfield><subfield code="w">(OCoLC)37645987</subfield></datafield><datafield ind1="1" ind2="7" tag="785"><subfield code="t">Vermont journal (Windsor, Vt. : 1844)</subfield><subfield code="w">(OCoLC)10288261</subfield></datafield><datafield ind1="1" ind2="7" tag="785"><subfield code="t">Connecticut Valley times-reporter</subfield><subfield code="w">(OCoLC)37328663</subfield></datafield><datafield ind1="4" ind2="1" tag="856"><subfield code="u">http://chroniclingamerica.loc.gov/lccn/sn84022549/issues/</subfield></datafield></record>